@inproceedings{banarescu2013,
  title={Abstract meaning representation for sembanking},
  author={Banarescu, Laura and Bonial, Claire and Cai, Shu and Georgescu, Madalina and Griffitt, Kira and Hermjakob, Ulf and Knight, Kevin and Koehn, Philipp and Palmer, Martha and Schneider, Nathan},
  booktitle={Proceedings of the 7th linguistic annotation workshop and interoperability with discourse},
  pages={178--186},
  year={2013}
}

@article{matthiessen1991,
  title={Text Generation and Systemic-Functional Linguistics: Experiences from English and Japanese},
  author={C. M. Matthiessen and M. Christian and J. A. Bateman and M. Matthiessen},
  journal={Computational Linguistics},
  volume={19},
  number={1},
  year={1991}
}

@inproceedings{zhang2019,
  title={AMR Parsing as Sequence-to-Graph Transduction},
  author={Zhang, Sheng and Ma, Xutai and Duh, Kevin and Van Durme, Benjamin},
  booktitle={Proceedings of the 57th Annual Meeting of the Association for Computational Linguistics},
  pages={80--94},
  year={2019}
}

@inproceedings{bai2022,
  title={Graph Pre-training for AMR Parsing and Generation},
  author={Bai, Xuefeng and Chen, Yulong and Zhang, Yue},
  booktitle={Proceedings of the 60th Annual Meeting of the Association for Computational Linguistics (Volume 1: Long Papers)},
  pages={6001--6015},
  year={2022}
}

@inproceedings{lee2022,
    title = "Maximum {B}ayes {S}match Ensemble Distillation for {AMR} Parsing",
    author = "Lee, Young-Suk  and
      Astudillo, Ram{\'o}n  and
      Thanh Lam, Hoang  and
      Naseem, Tahira  and
      Florian, Radu  and
      Roukos, Salim",
    booktitle = "Proceedings of the 2022 Conference of the North American Chapter of the Association for Computational Linguistics: Human Language Technologies",
    month = jul,
    year = "2022",
    address = "Seattle, United States",
    publisher = "Association for Computational Linguistics",
    url = "https://aclanthology.org/2022.naacl-main.393",
    doi = "10.18653/v1/2022.naacl-main.393",
    pages = "5379--5392",
}

@inproceedings{blloshmi2020,
  title={XL-AMR: Enabling cross-lingual AMR parsing with transfer learning techniques},
  author={Blloshmi, Rexhina and Tripodi, Rocco and Navigli, Roberto},
  booktitle={Proceedings of the 2020 Conference on Empirical Methods in Natural Language Processing (EMNLP)},
  pages={2487--2500},
  year={2020}
}

@inproceedings{severina2019,
  title={Multidocument abstractive summarization using abstract meaning representation for Indonesian language},
  author={Severina, Verena and Khodra, Masayu Leylia},
  booktitle={2019 International Conference of Advanced Informatics: Concepts, Theory and Applications (ICAICTA)},
  pages={1--6},
  year={2019},
  organization={IEEE}
}

@inproceedings{ilmy2020,
  title={Parsing Indonesian Sentence into Abstract Meaning Representation using Machine Learning Approach},
  author={Ilmy, Adylan Roaffa and Khodra, Masayu Leylia},
  booktitle={2020 7th International Conference on Advance Informatics: Concepts, Theory and Applications (ICAICTA)},
  pages={1--6},
  year={2020},
  organization={IEEE}
}

@phdthesis{putra2022,
  title={Pembangkitan Abstract Meaning Representation Lintas Bahasa dari Kalimat Berbahasa Indonesia},
  author={Putra, Aditya Rachman},
  school={Institut Teknologi Bandung},
  type={Tesis Program Magister},
  year={2022},
}

@inproceedings{cai2013,
  title={Smatch: an evaluation metric for semantic feature structures},
  author={Cai, Shu and Knight, Kevin},
  booktitle={Proceedings of the 51st Annual Meeting of the Association for Computational Linguistics (Volume 2: Short Papers)},
  pages={748--752},
  year={2013}
}

@inproceedings{uhrig2021,
  title={Translate, then Parse! A Strong Baseline for Cross-Lingual AMR Parsing},
  author={Uhrig, Sarah and Garcia, Yoalli and Opitz, Juri and Frank, Anette},
  booktitle={Proceedings of the 17th International Conference on Parsing Technologies and the IWPT 2021 Shared Task on Parsing into Enhanced Universal Dependencies (IWPT 2021)},
  pages={58--64},
  year={2021}
}

@inproceedings{lewis2020,
  title={BART: Denoising Sequence-to-Sequence Pre-training for Natural Language Generation, Translation, and Comprehension},
  author={Lewis, Mike and Liu, Yinhan and Goyal, Naman and Ghazvininejad, Marjan and Mohamed, Abdelrahman and Levy, Omer and Stoyanov, Veselin and Zettlemoyer, Luke},
  booktitle={Proceedings of the 58th Annual Meeting of the Association for Computational Linguistics},
  pages={7871--7880},
  year={2020}
}

@inproceedings{bi2020,
  title={PALM: Pre-training an Autoencoding\&Autoregressive Language Model for Context-conditioned Generation},
  author={Bi, Bin and Li, Chenliang and Wu, Chen and Yan, Ming and Wang, Wei and Huang, Songfang and Huang, Fei and Si, Luo},
  booktitle={Proceedings of the 2020 Conference on Empirical Methods in Natural Language Processing (EMNLP)},
  pages={8681--8691},
  year={2020}
}

@article{vaswani2017,
  title={Attention is all you need},
  author={Vaswani, Ashish and Shazeer, Noam and Parmar, Niki and Uszkoreit, Jakob and Jones, Llion and Gomez, Aidan N and Kaiser, {\L}ukasz and Polosukhin, Illia},
  journal={Advances in neural information processing systems},
  volume={30},
  year={2017}
}

@inproceedings{devlin2019,
  title={BERT: Pre-training of Deep Bidirectional Transformers for Language Understanding},
  author={Devlin, Jacob and Chang, Ming-Wei and Lee, Kenton and Toutanova, Kristina},
  booktitle={Proceedings of NAACL-HLT},
  pages={4171--4186},
  year={2019}
}

@inproceedings{song2019,
  title={MASS: Masked Sequence to Sequence Pre-training for Language Generation},
  author={Song, Kaitao and Tan, Xu and Qin, Tao and Lu, Jianfeng and Liu, Tie-Yan},
  booktitle={International Conference on Machine Learning},
  pages={5926--5936},
  year={2019},
  organization={PMLR}
}

@inproceedings{damonte2018,
  title={Cross-lingual Abstract Meaning Representation Parsing},
  author={Damonte, Marco and Cohen, Shay},
  booktitle={16th Annual Conference of the North American Chapter of the Association for Computational Linguistics: Human Language Technologies},
  pages={1146--1155},
  year={2018},
  organization={Association for Computational Linguistics (ACL)}
}

@techreport{dorr2002,
  title={Improved word-level alignment: Injecting knowledge about MT divergences},
  author={Dorr, Bonnie J and Pearl, Lisa and Hwa, Rebecca and Habash, Nizar},
  year={2002},
  institution={MARYLAND UNIV COLLEGE PARK INST FOR ADVANCED COMPUTER STUDIES}
}

@inproceedings{cai2020,
  title={AMR Parsing via Graph-Sequence Iterative Inference},
  author={Cai, Deng and Lam, Wai},
  booktitle={Proceedings of the 58th Annual Meeting of the Association for Computational Linguistics},
  pages={1290--1301},
  year={2020}
}

@inproceedings{kingsbury2002,
  title={From treebank to propbank.},
  author={Kingsbury, Paul R and Palmer, Martha},
  booktitle={LREC},
  pages={1989--1993},
  year={2002}
}

@inproceedings{damonte2017,
  title={An Incremental Parser for Abstract Meaning Representation},
  author={Damonte, Marco and Cohen, Shay B and Satta, Giorgio},
  booktitle={15th EACL 2017 Software Demonstrations},
  pages={536--546},
  year={2017},
  organization={Association for Computational Linguistics (ACL)}
}

@inproceedings{xue2014,
  title={Not an interlingua, but close: Comparison of English AMRs to Chinese and Czech},
  author={Xue, Nianwen and Bojar, Ond{\v{r}}ej and Hajic, Jan and Palmer, Martha and Uresova, Zdenka and Zhang, Xiuhong},
  booktitle={Proceedings of the Ninth International Conference on Language Resources and Evaluation (LREC'14)},
  pages={1765--1772},
  year={2014}
}

@inproceedings{mikolov2013,
  author    = {Tom{\'{a}}s Mikolov and
               Kai Chen and
               Greg Corrado and
               Jeffrey Dean},
  title     = {Efficient Estimation of Word Representations in Vector Space},
  booktitle = {1st International Conference on Learning Representations, {ICLR} 2013,
               Scottsdale, Arizona, USA, May 2-4, 2013, Workshop Track Proceedings},
  year      = {2013},
  crossref  = {DBLP:conf/iclr/2013w},
  timestamp = {Mon, 28 Dec 2020 00:00:00 +0100},
  biburl    = {https://dblp.org/rec/journals/corr/abs-1301-3781.bib},
  bibsource = {dblp computer science bibliography, https://dblp.org}
}

@inproceedings{pennington2014,
  title={Glove: Global vectors for word representation},
  author={Pennington, Jeffrey and Socher, Richard and Manning, Christopher D},
  booktitle={Proceedings of the 2014 conference on empirical methods in natural language processing (EMNLP)},
  pages={1532--1543},
  year={2014}
}

@article{bojanowski2017,
  title={Enriching word vectors with subword information},
  author={Bojanowski, Piotr and Grave, Edouard and Joulin, Armand and Mikolov, Tomas},
  journal={Transactions of the association for computational linguistics},
  volume={5},
  pages={135--146},
  year={2017},
  publisher={MIT Press}
}

@article{radford2019,
  title={Language Models are Unsupervised Multitask Learners},
  author={Radford, Alec and Wu, Jeff and Child, Rewon and Luan, David and Amodei, Dario and Sutskever, Ilya},
  journal={OpenAI blog, 1(8), 9},
  year={2019}
}

@article{liu2020,
  title={Multilingual denoising pre-training for neural machine translation},
  author={Liu, Yinhan and Gu, Jiatao and Goyal, Naman and Li, Xian and Edunov, Sergey and Ghazvininejad, Marjan and Lewis, Mike and Zettlemoyer, Luke},
  journal={Transactions of the Association for Computational Linguistics},
  volume={8},
  pages={726--742},
  year={2020},
  publisher={MIT Press}
}

@article{hoang2021,
  title={Ensembling Graph Predictions for AMR Parsing},
  author={Hoang, Thanh Lam and Picco, Gabriele and Hou, Yufang and Lee, Young-Suk and Nguyen, Lam and Phan, Dzung and L{\'o}pez, Vanessa and Fernandez Astudillo, Ramon},
  journal={Advances in Neural Information Processing Systems},
  volume={34},
  pages={8495--8505},
  year={2021}
}

@article{conneau2019,
  title={Cross-lingual language model pretraining},
  author={Conneau, Alexis and Lample, Guillaume},
  journal={Advances in neural information processing systems},
  volume={32},
  year={2019}
}

@inproceedings{xue2021,
  title={mT5: A Massively Multilingual Pre-trained Text-to-Text Transformer},
  author={Xue, Linting and Constant, Noah and Roberts, Adam and Kale, Mihir and Al-Rfou, Rami and Siddhant, Aditya and Barua, Aditya and Raffel, Colin},
  booktitle={Proceedings of the 2021 Conference of the North American Chapter of the Association for Computational Linguistics: Human Language Technologies},
  pages={483--498},
  year={2021}
}

@inproceedings{bppt2009,
  author    = {PAN Localization - BPPT},
  title     = {Parallel Text Corpora, English Indonesian},
  year      = {2009},
  url       = {http://digilib.bppt.go.id/sampul/p92-budiono.pdf},
}

@article{tang2020,
    title={Multilingual Translation with Extensible Multilingual Pretraining and Finetuning},
    author={Yuqing Tang and Chau Tran and Xian Li and Peng-Jen Chen and Naman Goyal and Vishrav Chaudhary and Jiatao Gu and Angela Fan},
    year={2020},
    eprint={2008.00401},
    primaryClass={cs.CL}
}
